@misc{WikipediaEN:Empty_lattice_approximation,
    author = {{Wikipedia, the free encyclopedia}},
    title = {Empty\_lattice\_approximation},
    year = {2013},
    note = {[Online; Ã¥pnet 13 March, 2024]},
    url = {https://en.wikipedia.org/wiki/Empty\_lattice\_approximation#/media/File:1D-Empty-Lattice-Approximation.svg}
},
@online{kubiske_systemer,
  author = "University of Arkansas Little Rock",
  title = "Crystal Lattices and Unit Cells",
  year = "Ukjent",
  url = {https://chem.libretexts.org/Courses/University\_of\_Arkansas\_Little\_Rock/Chem\_1403%3A\_General\_Chemistry\_2/Text/12%3A\_Solids/12.01%3A\_Crystal\_Lattices\_and\_Unit\_Cells"},
  urldate = {2024-04-24}
},
@online{ShortDebye,
  author = {Daniel M. Short},
  title = {Debye limit},
  year = {2008},
  url = {http://en.wikipedia.org/wiki/File:Debye_limit.svg},
  note = {File: Debye limit.svg},
  urldate = {2009-06-07}
},
@online{Aleksander,
  author = {Alexander Umansky},
  title = {Tegninger fra forelesninger},
  year = {2024}
},
@online{Sebastian,
  author = {Sebastian Siljuholtet Johansen},
  title = {Tegninger fra forelesninger},
  year = {2024}
},
@misc{researchgate_ewald_sphere,
    author = {{ResearchGate}},
    title = {Schematic of the Ewald sphere whose radius is given by the length of the incident wave},
    year = {2018},
    howpublished = {\url{https://www.researchgate.net/figure/Schematic-of-the-Ewald-sphere-whose-radius-is-given-by-the-length-of-the-incident-wave_fig3_322847017}},
    note = {Accessed: 2024-06-11},
    url = {https://www.researchgate.net/figure/Schematic-of-the-Ewald-sphere-whose-radius-is-given-by-the-length-of-the-incident-wave_fig3_322847017}
},
@misc{researchgate_phonon_modes,
    author = {{ResearchGate}},
    title = {Two types of phonon modes in crystalline structure: (up) acoustic phonons where the atoms oscillate in phase, and (down) optical phonons where neighboring atoms oscillate out of phase},
    year = {2019},
    howpublished = {\url{https://www.researchgate.net/figure/Two-types-of-phonon-modes-in-crystalline-structure-up-acoustic-phonons-where-the_fig16_333337278}},
    note = {Accessed: 2024-06-11},
    url = {https://www.researchgate.net/figure/Two-types-of-phonon-modes-in-crystalline-structure-up-acoustic-phonons-where-the_fig16_333337278}
},
@book{kittel_solid_state_physics,
    author = {Charles Kittel},
    title = {Introduction to Solid State Physics},
    year = {2005},
    edition = {8th},
    publisher = {John Wiley \& Sons},
    note = {Figures on page 168, 170},
    url = {http://metal.elte.hu/~groma/Anyagtudomany/kittel.pdf}
}
